@article{iot,
	title={Internet of Things},
	author={Wortmann, Felix and Fl{\"u}chter, Kristina},
	journal={Business \& Information Systems Engineering},
	volume={57},
	number={3},
	pages={221--224},
	year={2015},
	publisher={Springer},
}
@book{ethics,
	title={Ethics and Journalism},
	author={Sanders, Karen},
	year={2003},
	publisher={Sage},
}
